<record><leader>00000cas a22000007a 4500</leader><controlfield tag="001">9468424</controlfield><controlfield tag="008">830502d18341838mauwr ne      0    0eng d</controlfield><controlfield tag="009">3768</controlfield><datafield ind1=" " ind2=" " tag="010"><subfield code="a">sn 83020638 </subfield></datafield><datafield ind1=" " ind2=" " tag="040"><subfield code="a">NPX</subfield><subfield code="b">eng</subfield><subfield code="c">NPX</subfield><subfield code="d">DLC</subfield><subfield code="d">RHN</subfield><subfield code="d">CNW</subfield><subfield code="d">OCL</subfield><subfield code="d">OCLCF</subfield><subfield code="d">OCLCO</subfield></datafield><datafield ind1="1" ind2=" " tag="029"><subfield code="a">AU@</subfield><subfield code="b">000020122844</subfield></datafield><datafield ind1=" " ind2=" " tag="042"><subfield code="a">msc</subfield></datafield><datafield ind1=" " ind2=" " tag="043"><subfield code="a">n-us-ma</subfield></datafield><datafield ind1="0" ind2="0" tag="050"><subfield code="a">Newspaper 8329</subfield></datafield><datafield ind1="0" ind2="0" tag="245"><subfield code="a">New-Bedford gazette and courier.</subfield></datafield><datafield ind1="1" ind2="0" tag="246"><subfield code="a">New Bedford gazette and courier</subfield></datafield><datafield ind1="1" ind2="3" tag="246"><subfield code="a">Gazette and courier</subfield></datafield><datafield ind1=" " ind2=" " tag="260"><subfield code="a">New-Bedford [Mass.] :</subfield><subfield code="b">J.G. Harris &amp; C.W. Rexford,</subfield><subfield code="c">1834-</subfield></datafield><datafield ind1=" " ind2=" " tag="300"><subfield code="a">v. ;</subfield><subfield code="c">57 cm.</subfield></datafield><datafield ind1=" " ind2=" " tag="310"><subfield code="a">Weekly</subfield></datafield><datafield ind1="0" ind2=" " tag="362"><subfield code="a">Vol. 1, no. 1 (July 7, 1834)-</subfield></datafield><datafield ind1="1" ind2=" " tag="362"><subfield code="a">Ceased in 1838.</subfield><subfield code="z">Cf. Hurd, D.H.  Hist. of Bristol County, Mass., 1883.</subfield></datafield><datafield ind1=" " ind2=" " tag="500"><subfield code="a">Published on Monday.</subfield></datafield><datafield ind1=" " ind2=" " tag="500"><subfield code="a">Publishers: J.G. Harris and Charles W. Rexford, July 7-Oct. 27, 1834; J.G. Harris, Nov, 3, 1834-1838.</subfield></datafield><datafield ind1=" " ind2=" " tag="500"><subfield code="a">Editor: J.G. Harris.</subfield></datafield><datafield ind1=" " ind2=" " tag="580"><subfield code="a">Daily ed.: New-Bedford daily gazette, 1834-1837.</subfield></datafield><datafield ind1=" " ind2="0" tag="651"><subfield code="a">New Bedford (Mass.)</subfield><subfield code="v">Newspapers.</subfield></datafield><datafield ind1=" " ind2="7" tag="655"><subfield code="a">Newspapers.</subfield><subfield code="2">fast</subfield><subfield code="0">(OCoLC)fst01423814</subfield></datafield><datafield ind1=" " ind2="7" tag="651"><subfield code="a">Massachusetts</subfield><subfield code="z">New Bedford.</subfield><subfield code="2">fast</subfield><subfield code="0">(OCoLC)fst01207803</subfield></datafield><datafield ind1="1" ind2=" " tag="700"><subfield code="a">Harris, J. George.</subfield></datafield><datafield ind1=" " ind2=" " tag="752"><subfield code="a">United States</subfield><subfield code="b">Massachusetts</subfield><subfield code="c">Bristol</subfield><subfield code="d">New Bedford.</subfield></datafield><datafield ind1="1" ind2=" " tag="775"><subfield code="t">New-Bedford daily gazette</subfield><subfield code="w">(DLC)sn 85033211</subfield></datafield><datafield ind1="0" ind2="4" tag="780"><subfield code="t">New-Bedford weekly courier, and workingmen's press</subfield><subfield code="w">(DLC)sn 92064209</subfield></datafield><datafield ind1="0" ind2="4" tag="780"><subfield code="t">New-Bedford gazette (New Bedford, Mass. : 1830)</subfield><subfield code="w">(DLC)sn 83020637</subfield></datafield><datafield ind1="0" ind2="0" tag="785"><subfield code="t">New Bedford weekly advocate</subfield></datafield></record>